<?xml version="1.0" encoding="UTF-8"?><collection xmlns="http://www.loc.gov/MARC21/slim"><record><leader>00492nam--2200169-i-4500</leader><controlfield tag="001">000016142</controlfield><controlfield tag="002">20161230</controlfield><controlfield tag="005">20161230201031</controlfield><controlfield tag="008">060222s1000------------r-----000-0-eng-d</controlfield><datafield ind1=" " ind2=" " tag="040"><subfield code="a">IFIN-HH</subfield></datafield><datafield ind1=" " ind2=" " tag="080"><subfield code="a">539.215.4(043)</subfield></datafield><datafield ind1="1" ind2=" " tag="100"><subfield code="a">Bosman, Antonie Jakob</subfield></datafield><datafield ind1="1" ind2="0" tag="245"><subfield code="a">Investigation on magnetic after-effects due to interstitials</subfield><subfield code="b">Dissertation</subfield><subfield code="c">Antonie jakob bosman</subfield></datafield><datafield ind1=" " ind2=" " tag="260"><subfield code="a">Amsterdam</subfield><subfield code="b">Universiteit</subfield><subfield code="c">1960</subfield></datafield><datafield ind1=" " ind2=" " tag="300"><subfield code="a">117 P</subfield></datafield><datafield ind1=" " ind2=" " tag="852"><subfield code="a">77079</subfield><subfield code="c">539.217</subfield></datafield><datafield ind1=" " ind2=" " tag="CAT"><subfield code="a">Sys</subfield><subfield code="c">20121211</subfield><subfield code="h">102027</subfield></datafield></record></collection>